%%Filename: PapersInPrep.bib
%%
%%Author: Jake Bergquist
%%
%%Papers that are not yet published but need cited

@TechReport{JAB:zen2019,
author = "B. Zenger and W. W. Good and J. A. Bergquist and J. D. Tate and R. S. MacLeod",
title = "In Situ Methods Paper",
journal = "Wherever This Goes",
year = "2019",
volume = "0",
number = "0",
pages = "0--1",
note = "In Preparation",
institution = "Inst"
}


@TechReport{JAB:Ber2019,
	author = "J. A. Bergquist and W. W. Good and B. Zenger and J. D. Tate and R. S. MacLeod",
	title = "GRÃ–MeR: A Pipeline for Geodesic Refinement of Mesh
	Registration",
	journal = "Functional Imaging and Modelling of the Heart - 2019",
	year = "2019",
	volume = "1",
	number = "1",
	pages = "0--1",
	note = "Accepted",
	institution = "Inst"
}