%%Filename: strings.bib

%% Standard journal and publisher abbreviations and frequently used 
%% conferences..

% Conferences

@String{c-3DIM2000 = "Proceedings of 3rd International Conference on 3-D Imaging and Modeling"}
@string{c-Asilomar = {Asilomar Conf. on Sig., Sys. and Comp}}		  
@String{c-ACMSC2002 = "Proceedings of the {IEEE}/{ACM} {SC}2002 Conference"}
@string{c-AHA = {American Heart Association, Scientific Sessions}}	
@String{c-BIOMAG96 = "Proceedings of The 10th International Conference on Biomagnetism"}
@String{c-BIOMAG98 = "Proceedings of The 11th International Conference on Biomagnetism"}
@String{c-BIOMAG2000 = "Proceedings of The 12th International Conference on Biomagnetism"}
@String{c-BIOMAG2002 = "Proceedings of The 13th International Conference on Biomagnetism"}
@String{c-BIOMAG2004 = "Proceedings of The 14th International Conference on Biomagnetism"}
@String{c-BIOMAG2006 = "Proceedings of The 15th International Conference on Biomagnetism"}
@String{c-BIOMAG2008 = "Proceedings of The 16th International Conference on Biomagnetism"}
@String{c-BMES2004 = "Proceedings of the {BMES} 2004 Annual Fall Meeting"}
@String{c-BMES2005 = "Proceedings of the {BMES} 2005 Annual Fall Meeting"}
@String{c-BMES2006 = "Proceedings of the {BMES} 2006 Annual Fall Meeting"}
@String{c-BMES2007 = "Proceedings of the {BMES} 2007 Annual Fall Meeting"}
@String{c-BMES2008 = "Proceedings of the {BMES} 2008 Annual Fall Meeting"}
@String{c-BMES2009 = "Proceedings of the {BMES} 2009 Annual Fall Meeting"}
@String{c-BMES2010 = "Proceedings of the {BMES} 2010 Annual Fall Meeting"}
@String{c-CGIM2003 = "The 6th {IASTED} International Conference on Computer Graphics and Imaging"}
@String{c-CGIM2004 = "The 7th {IASTED} International Conference on Computer Graphics and Imaging"}
@String{c-CinC = "{IEEE} Computers in Cardiology"}
@String{c-CMBBE99 = "Proceedings of The 4th International Symposium on Computer Methods in Biomechanics and Biomedical Engineering"}
@String{c-CMBBE2001 = "Proceedings of The 5th International Symposium on Computer Methods in Biomechanics and Biomedical Engineering"}
@String{c-CMBBE2004 = "Proceedings of The 6th International Symposium on Computer Methods in Biomechanics and Biomedical Engineering"}
@String{c-EGPGV2000 = "Proceedings of The 2nd Eurographics Workshop on Parallel Graphics and Visualization"}
@String{c-EGPGV2001 = "Proceedings of The 3rd Eurographics Workshop on Parallel Graphics and Visualization"}
@String{c-EGPGV2002 = "Proceedings of The 4th Eurographics Workshop on Parallel Graphics and Visualization"}
@String{c-EGPGV2003 = "Proceedings of The 5th Eurographics Symposium on Parallel Graphics and Visualization"}
@String{c-EGPGV2004 = "Proceedings of The 6th Eurographics Symposium on Parallel Graphics and Visualization"}
@String{c-EGPGV2005 = "Proceedings of The 7th Eurographics Symposium on Parallel Graphics and Visualization"}
@String{c-EGPGV2006 = "Proceedings of The 8th Eurographics Symposium on Parallel Graphics and Visualization"}
@String{c-EGPGV2007 = "Proceedings of The 9th Eurographics Symposium on Parallel Graphics and Visualization"}
@String{c-EGPGV2008 = "Proceedings of The 10th Eurographics Symposium on Parallel Graphics and Visualization"}
@String{c-EGSR2004 = "Proceedings of the Eurographics Symposium on Rendering 2004"}
@String{c-EGVE2002 = "Proceedings of The 8th Eurographics Workshop on Virtual Environments"}
@String{c-EMBS80 = "Proceedings of the {IEEE} Engineering in Medicine and
                 Biology Society 2th Annual International Conference"}
@String{c-EMBS86 = "Proceedings of the {IEEE} Engineering in Medicine and
                 Biology Society 8th Annual International Conference"}
@String{c-EMBS87 = "Proceedings of the {IEEE} Engineering in Medicine and
                 Biology Society 9th Annual International Conference"}
@String{c-EMBS88 = "Proceedings of the {IEEE} Engineering in Medicine and
                 Biology Society 10th Annual International Conference"}
@String{c-EMBS89 = "Proceedings of the {IEEE} Engineering in Medicine and
                 Biology Society 11th Annual International Conference"}
@String{c-EMBS90 = "Proceedings of the {IEEE} Engineering in Medicine and
                 Biology Society 12th Annual International Conference"}
@String{c-EMBS91 = "Proceedings of the {IEEE} Engineering in Medicine and
                 Biology Society 13th Annual International Conference"}
@String{c-EMBS92 = "Proceedings of the {IEEE} Engineering in Medicine and
                 Biology Society 14th Annual International Conference"}
@String{c-EMBS93 = "Proceedings of the {IEEE} Engineering in Medicine and
                 Biology Society 15th Annual International Conference"}
@String{c-EMBS94 = "Proceedings of the {IEEE} Engineering in Medicine and
                 Biology Society 16th Annual International Conference"}
@String{c-EMBS95 = "Proceedings of the {IEEE} Engineering in Medicine and
                 Biology Society 17th Annual International Conference"}
@String{c-EMBS96 = "Proceedings of the {IEEE} Engineering in Medicine and
                 Biology Society 18th Annual International Conference"}
@String{c-EMBS97 = "Proceedings of the {IEEE} Engineering in Medicine and
                 Biology Society 19th Annual International Conference"}
@String{c-EMBS98 = "Proceedings of the {IEEE} Engineering in Medicine and
                 Biology Society 20th Annual International Conference"}
@String{c-EMBS99 = "Proceedings of The First Joint BMES/EMBS Conference"} 
@String{c-EMBS2000 = "Proceedings of the {IEEE} Engineering in Medicine and
                 Biology Society 22nd Annual International Conference"}
@String{c-EMBS2001 = "Proceedings of the {IEEE} Engineering in Medicine and
                 Biology Society 23rd Annual International Conference"}
@String{c-EMBS2002 = "Proceedings of the {IEEE} Engineering in Medicine and
                 Biology Society 24th Annual International Conference"}
@String{c-EMBS2003 = "Proceedings of the {IEEE} Engineering in Medicine and
                 Biology Society 25th Annual International Conference"}
@String{c-EMBS2004 = "Proceedings of the {IEEE} Engineering in Medicine and
                 Biology Society 26th Annual International Conference"}
@String{c-EMBS2005 = "Proceedings of the {IEEE} Engineering in Medicine and
                 Biology Society 27th Annual International Conference"}
@String{c-EMBS2006 = "Proceedings of the {IEEE} Engineering in Medicine and
                 Biology Society 28th Annual International Conference"}
@String{c-EMBS2007 = "Proceedings of the {IEEE} Engineering in Medicine and
                 Biology Society 29th Annual International Conference"}
@String{c-EMBS2008 = "Proceedings of the {IEEE} Engineering in Medicine and
                 Biology Society 30th Annual International Conference"}
@String{c-EMBS2009 = "Proceedings of the {IEEE} Engineering in Medicine and
                 Biology Society 31st Annual International Conference"}
@String{c-EMBS2010 = "Proceedings of the {IEEE} Engineering in Medicine and
                 Biology Society 32nd Annual International Conference"}
@String{c-EMBS2011 = "Proceedings of the {IEEE} Engineering in Medicine and
                 Biology Society 33rd Annual International Conference"}
@String{c-EMBS2012 = "Proceedings of the {IEEE} Engineering in Medicine and
                 Biology Society 34th Annual International Conference"}
@String{c-EMBS2013 = "Proceedings of the {IEEE} Engineering in Medicine and
                 Biology Society 35th Annual International Conference"}
@String{c-EUP2004 = "Proceedings of the 10th International Euro-Par Conference"}
@String{c-EUP2005 = "Proceedings of the 11th International Euro-Par Conference"}
@String{c-BEMNFSI2005 = "Proceedings of The Joint Meeting of The 5th International Conference on Bioelectromagnetism and The 5th International Symposium on Noninvasive Functional Source Imaging within the Human Brain and Heart"}
@String{c-HIPS2004 = "Proceedings of The 9th International Workshop on High-Level Parallel Programming Models and Supportive Environments"}
@String{c-HPC2000 = "Proceedings of The 4th International Conference on High-Performance Computing"}
@String{c-HPC2001 = "Proceedings of The 5th International Conference on High-Performance Computing"}
@String{c-HPC2002 = "Proceedings of The 6th International Conference on High-Performance Computing"}
@String{c-HPC2003 = "Proceedings of The 7th International Conference on High-Performance Computing"}
@String{c-HPC2004 = "Proceedings of The 8th International Conference on High-Performance Computing"}
@String{c-HPC2005 = "Proceedings of The 9th International Conference on High-Performance Computing"}
@String{c-HPC2006 = "Proceedings of The 10th International Conference on High-Performance Computing"}
@String{c-HPC2007 = "Proceedings of The 11th International Conference on High-Performance Computing"}
@String{c-HPC2008 = "Proceedings of The 12th International Conference on High-Performance Computing"}
@String{c-HRS = "Proceedings of Heart Rhythm Society"}
@String{c-ICCS2000 = "Proceedings of the International Conference on Computational Science ({ICCS}) 2000"}
@String{c-ICCS2001 = "Proceedings of the International Conference on Computational Science ({ICCS}) 2001"}
@String{c-ICCS2002 = "Proceedings of the International Conference on Computational Science ({ICCS}) 2002"}
@String{c-ICCS2003 = "Proceedings of the International Conference on Computational Science ({ICCS}) 2003"}
@String{c-ICCS2004 = "Proceedings of the International Conference on Computational Science ({ICCS}) 2004"}
@String{c-ICCS2005 = "Proceedings of the International Conference on Computational Science ({ICCS}) 2005"}
@String{c-ICCS2006 = "Proceedings of the International Conference on Computational Science ({ICCS}) 2006"}
@String{c-ICIP = "{IEEE} International Conference on Image Processing"}
@String{c-ICPPW2003 = "Proceedings of The 2003 International Conference on Parallel Processing Workshops"}
@String{c-IPDPS2005 = "Proceedings of The 19th International Parallel and Distributed Processing Symposium"}
@String{c-ISBI2002 = "Proceedings of The 2002 IEEE International Symposium on Biomedical Imaging: From Nano to Macro"}
@String{c-ISBI2006 = "Proceedings of The 2006 IEEE International Symposium on Biomedical Imaging"}
@String{c-ISC2000 = "Proceedings of The International Supercomputer Conference"}
@String{c-ISCE = "Proc. Internat. Soc. Comp. Electrocardiol."}
@String{c-ISHPC2002 = "Proceedings of The 4th International Symposium on High Performance Computing"}
@String{c-ISMRM98 = "Proceedings of The 6th Annual Scientific Meeting of The International Society for Magnetic Resonance in Medicine ({ISMRM})"}
@String{c-ISMRM99 = "Proceedings of The 7th Annual Scientific Meeting of The International Society for Magnetic Resonance in Medicine ({ISMRM})"}
@String{c-ISMRM2000 = "Proceedings of The 8th Annual Scientific Meeting of The International Society for Magnetic Resonance in Medicine ({ISMRM})"}
@String{c-ISMRM2001 = "Proceedings of The 9th Annual Scientific Meeting of The International Society for Magnetic Resonance in Medicine ({ISMRM})"}
@String{c-ISMRM2002 = "Proceedings of The 10th Annual Scientific Meeting of The International Society for Magnetic Resonance in Medicine ({ISMRM})"}
@String{c-ISMRM2003 = "Proceedings of The 11th Annual Scientific Meeting of The International Society for Magnetic Resonance in Medicine ({ISMRM})"}
@String{c-ISMRM2004 = "Proceedings of The 12th Annual Scientific Meeting of The International Society for Magnetic Resonance in Medicine ({ISMRM})"}
@String{c-ISMRM2005 = "Proceedings of The 13th Annual Scientific Meeting of The International Society for Magnetic Resonance in Medicine ({ISMRM})"}
@String{c-ISMRM2006 = "Proceedings of The 14th Annual Scientific Meeting of The International Society for Magnetic Resonance in Medicine ({ISMRM})"}
@String{c-ISMRM2007 = "Proceedings of The 15th Annual Scientific Meeting of The International Society for Magnetic Resonance in Medicine ({ISMRM})"}
@String{c-ISMRM2008 = "Proceedings of The 16th Annual Scientific Meeting of The International Society for Magnetic Resonance in Medicine ({ISMRM})"}
@String{c-IVIS2004 = "Proceedings of The 2004 {IEEE} Symposium on Information Visualization"}
@String{c-IVIS2005 = "Proceedings of The 2005 {IEEE} Symposium on Information Visualization"}
@String{c-IVIS2006 = "Proceedings of The 2006 {IEEE} Symposium on Information Visualization"}
@String{c-IVIS2007 = "Proceedings of The 2007 {IEEE} Symposium on Information Visualization"}
@String{c-IVIS2008 = "Proceedings of The 2008 {IEEE} Symposium on Information Visualization"}
@String{c-MI2004 = "Proceedings of {SPIE} Medical Imaging 2004"}
@String{c-MICCAI2001 = "Proceedings of The 4th International Conference on Medical Image Computing and Computer Assisted Intervention ({MICCAI})"}
@String{c-MICCAI2005 = "Proceedings of The 8th International Conference on Medical Image Computing and Computer Assisted Intervention ({MICCAI})"}
@String{c-MMVR2004 = "Proceedings of The 12th Annual Medicine Meets Virtual Reality Conference"}
@String{c-MMVR2005 = "Proceedings of The 13th Annual Medicine Meets Virtual Reality Conference"}
@String{c-ORS2004 = "Proceedings of 50th Annual Meeting of the Orthopaedic Research Society"}
@String{c-PARA2002 = "Applied Parallel Computing. Advanced Scientific Computing: 6th International Conference, {PARA} 2002, Proceedings"}
@String{c-PNAS = "Proceedings of The National Academy of Sciences, USA"}
@String{c-PVG2000 = "Proceedings of The 2000 {IEEE} Symposium on Parallel Visualization and Graphics 2004"}
@String{c-PVG2001 = "Proceedings of The 2001 {IEEE} Symposium on Parallel Visualization and Graphics 2004"}
@String{c-PVG2002 = "Proceedings of The 2002 {IEEE} Symposium on Parallel Visualization and Graphics 2004"}
@String{c-PVG2003 = "Proceedings of The 2003 {IEEE} Symposium on Parallel Visualization and Graphics 2004"}
@String{c-PVG2004 = "Proceedings of The 2004 {IEEE} Symposium on Parallel Visualization and Graphics 2004"}
@String{c-RSNA2003 = "Proceedings of The Radiological Society of North America Annual Meeting 2003"}
@String{c-SC2000 = "Proceedings of the 2000 ACM/IEEE conference on Supercomputing"}
@String{c-SC2001 = "Proceedings of the 2001 ACM/IEEE conference on Supercomputing"}
@String{c-SC2002 = "Proceedings of the 2002 ACM/IEEE conference on Supercomputing"}
@String{c-SC2003 = "Proceedings of the 2003 ACM/IEEE conference on Supercomputing"}
@String{c-SC2004 = "Proceedings of the 2004 ACM/IEEE conference on Supercomputing"}
@String{c-SC2005 = "Proceedings of the 2005 ACM/IEEE conference on Supercomputing"}
@String{c-SC2006 = "Proceedings of the 2006 ACM/IEEE conference on Supercomputing"}
@String{c-SC2007 = "Proceedings of the 2007 ACM/IEEE conference on Supercomputing"}
@String{c-SC2008 = "Proceedings of the 2008 ACM/IEEE conference on Supercomputing"}
@String{c-SC2009 = "Proceedings of the 2009 ACM/IEEE conference on Supercomputing"}
@String{c-SC2010 = "Proceedings of the 2010 ACM/IEEE conference on Supercomputing"}
@String{c-SCMR2005 = "Proceedings of the Society for Cardiovascular Magnetic Resonance ({SCMR}) 8th Annual Scientific Sessions"}
@String{c-SPIE = "Proceedings of the International Society on Optical Science, Engineering and Instrumentation"}
@String{c-SPIEMI2000 = "Proceedings of International Society for Optical Engineering ({SPIE}) Conference on Medical Imaging 2000"}
@String{c-SPIEMI2001 = "Proceedings of International Society for Optical Engineering ({SPIE}) Conference on Medical Imaging 2001"}
@String{c-SPIEMI2002 = "Proceedings of International Society for Optical Engineering ({SPIE}) Conference on Medical Imaging 2002"}
@String{c-SPIEMI2003 = "Proceedings of International Society for Optical Engineering ({SPIE}) Conference on Medical Imaging 2003"}
@String{c-SPIEMI2004 = "Proceedings of International Society for Optical Engineering ({SPIE}) Conference on Medical Imaging 2004"}
@String{c-SPIEMI2005 = "Proceedings of International Society for Optical Engineering ({SPIE}) Conference on Medical Imaging 2005"}
@String{c-SPIEMI2006 = "Proceedings of International Society for Optical Engineering ({SPIE}) Conference on Medical Imaging 2006"}
@String{c-SPIEMI2007 = "Proceedings of International Society for Optical Engineering ({SPIE}) Conference on Medical Imaging 2007"}
@String{c-SPIEMI2008 = "Proceedings of International Society for Optical Engineering ({SPIE}) Conference on Medical Imaging 2008"}
@String{c-SPIEMI2009 = "Proceedings of International Society for Optical Engineering ({SPIE}) Conference on Medical Imaging 2009"}
@String{c-SPIEMI2010 = "Proceedings of International Society for Optical Engineering ({SPIE}) Conference on Medical Imaging 2010"}
@String{c-VIS91 = "Proceeding of {IEEE} Visualization 1991"}
@String{c-VIS92 = "Proceeding of {IEEE} Visualization 1992"}
@String{c-VIS93 = "Proceeding of {IEEE} Visualization 1993"}
@String{c-VIS94 = "Proceeding of {IEEE} Visualization 1994"}
@String{c-VIS95 = "Proceeding of {IEEE} Visualization 1995"}
@String{c-VIS96 = "Proceeding of {IEEE} Visualization 1996"}
@String{c-VIS97 = "Proceeding of {IEEE} Visualization 1997"}
@String{c-VIS98 = "Proceeding of {IEEE} Visualization 1998"}
@String{c-VIS99 = "Proceeding of {IEEE} Visualization 1999"}
@String{c-VIS2000 = "Proceeding of {IEEE} Visualization 2000"}
@String{c-VIS2001 = "Proceeding of {IEEE} Visualization 2001"}
@String{c-VIS2002 = "Proceeding of {IEEE} Visualization 2002"}
@String{c-VIS2003 = "Proceeding of {IEEE} Visualization 2003"}
@String{c-VIS2004 = "Proceeding of {IEEE} Visualization 2004"}
@String{c-VIS2005 = "Proceeding of {IEEE} Visualization 2005"}
@String{c-VIS2006 = "Proceeding of {IEEE} Visualization 2006"}
@String{c-VIS2007 = "Proceeding of {IEEE} Visualization 2007"}
@String{c-VIS2008 = "Proceeding of {IEEE} Visualization 2008"}
@String{c-VIS2009 = "Proceeding of {IEEE} Visualization 2009"}
@String{c-VIS2010 = "Proceeding of {IEEE} Visualization 2010"}
@String{c-VIS2011 = "Proceeding of {IEEE} Visualization 2011"}
@String{c-VIS2012 = "Proceeding of {IEEE} Visualization 2012"}
@String{c-VIS2013 = "Proceeding of {IEEE} Visualization 2013"}
@String{c-VIS2014 = "Proceeding of {IEEE} Visualization 2014"}
@String{c-VIS2015 = "Proceeding of {IEEE} Visualization 2015"}
@String{c-VIS2016 = "Proceeding of {IEEE} Visualization 2016"}
@String{c-VISSYM2000 = "Proceeding of The Joint Eurographics - {IEEE} TCVG Symposium on Visualization 2000"}
@String{c-VISSYM2001 = "Proceeding of The Joint Eurographics - {IEEE} TCVG Symposium on Visualization 2001"}
@String{c-VISSYM2002 = "Proceeding of The Joint Eurographics - {IEEE} TCVG Symposium on Visualization 2002"}
@String{c-VISSYM2003 = "Proceeding of The Joint Eurographics - {IEEE} TCVG Symposium on Visualization 2003"}
@String{c-VISSYM2004 = "Proceeding of The Joint Eurographics - {IEEE} TCVG Symposium on Visualization 2004"}
@String{c-VMV2001 = "Proceedings of The 6th International Fall Workshop on Vision, Modeling, and Visualization"}
@String{c-VMV2002 = "Proceedings of The 7th International Fall Workshop on Vision, Modeling, and Visualization"}
@String{c-VR2000 = "Proceedings of IEEE Virtual Reality Conference 2000"}
@String{c-VR2001 = "Proceedings of IEEE Virtual Reality Conference 2001"}
@String{c-VR2002 = "Proceedings of IEEE Virtual Reality Conference 2002"}
@String{c-VR2003 = "Proceedings of IEEE Virtual Reality Conference 2003"}
@String{c-VVIS2000 = "Proceeding of {IEEE} Volume Visualization 2000"}
@String{c-VVIS2001 = "Proceeding of {IEEE} Volume Visualization 2001"}
@String{c-VVIS2002 = "Proceeding of {IEEE} Volume Visualization 2002"}
@String{c-VVIS2003 = "Proceeding of {IEEE} Volume Visualization 2003"}
@String{c-VVIS2004 = "Proceeding of {IEEE} Volume Visualization 2004"}
@String{c-VVIS2005 = "Proceeding of {IEEE} Volume Visualization 2005"}
@String{c-VVIS2006 = "Proceeding of {IEEE} Volume Visualization 2006"}
@String{c-VVIS2007 = "Proceeding of {IEEE} Volume Visualization 2007"}
@String{c-VVIS2008 = "Proceeding of {IEEE} Volume Visualization 2008"}
@String{c-VVIS2009 = "Proceeding of {IEEE} Volume Visualization 2009"}
@String{c-VVIS2010 = "Proceeding of {IEEE} Volume Visualization 2010"}
@String{c-VVIS2011 = "Proceeding of {IEEE} Volume Visualization 2011"}
@String{c-VVIS2012 = "Proceeding of {IEEE} Volume Visualization 2012"}
@String{c-VVIS2013 = "Proceeding of {IEEE} Volume Visualization 2013"}
@String{c-VVIS2014 = "Proceeding of {IEEE} Volume Visualization 2014"}
@String{c-WCMPBE1997 = "World Congress on Medical Physics and Biomedical Engineering 1997"}

% Journals

@String{j-ABE =  "Annal. Biomed. Eng."}
@String{j-AC =   "Adv. Cardiol."}
@String{j-ACC =  "J. Am. Coll. Cardiol."}
@String{j-ACM =  "J. Assoc. Comp. Mach."}
@String{j-ACM-TMS = "{ACM} Trans. Math. Soft."}
@String{j-ACM-COM = "Comm. {ACM}"}
@String{j-ACM-CG = "{ACM} Trans. Comp. Graph."}
@String{j-ACM-CR = "{ACM} Comp. Rev."}
@String{j-ACM-SUR = "{ACM} Trans. Comp. Surveys."}
@String{j-AES =  "Adv. Eng. Soft."}
@String{j-AHJ =  "Am. Heart J."}
@String{j-AJC =  "Am. J. Cardiol."}
@String{j-AJM =  "Am. J. Med."}
@String{j-AJP =  "Am. J. Physiol."}
@String{j-AJPHCP =  "Am. J. Physiol. Heart Circ. Physiol."}
@String{j-AIM =  "Ann. Intern. Med."}	
@String{j-ANM =  "Appl. Num. Math."}
@String{j-APB =  "Arch. Physiol. Biochem."}	  
@String{j-BHJ =  "Br. Heart J."}
@String{j-BM =  "J. Biomech."}
@String{j-BJ =   "Biophys. J."}
@String{j-BT =   "Brain Top."}
@String{j-BYTE = "Byte Magazine"}
@String{j-BME =  "{IEEE} Trans. Biomed. Eng."}
@String{j-BMJ =  "Brit. Med. J."}
@String{j-BMT =  "Biomed. Technik"}
@String{j-C =    "Circ."}
@String{j-CAE =  "Circ. Arrhythm. Electrophysiol."}
@String{j-CCI =  "Circ. Cardiovasc. Imag."}
@String{j-CACM = "Comm. Assoc. Comp. Mach."}
@String{j-CAGD = "Comput. Aided Geom. Design"}
@String{j-CAR =  "Card. Res."}
@String{j-CBM =  "Comp. in Biol. \& Med."}
@String{j-CC =   "Clin. Cardiol."}
@String{j-CCM =   "Crit. Care Med."}
@String{j-CCPE = "J. Conc. \& Comp.: Prac. \& Exper."}
@String{j-CBR =  "Comp. \& Biom. Res."}
@String{j-CGA =  "{IEEE} Comp. Graph. \& Applic."}
@String{j-CGIP = "Computer Graphics and Image Processing"}
@String{j-CHEST = "Chest"}
@String{j-CJ =   "The Computer Journal"}
@String{j-CJC =  "Can. J. Cardiol."}
@String{j-CJP =  "Can. J. Physiol"}
@String{j-CMAME = "Comp. Meth. Appl. Mech. \& Eng."}
@String{j-COMP = "Computing"}
@String{j-COM-SUR = "J. Comp. Surv."}
@String{j-CNP = "Clincal Neurophysiology"}
@String{j-CP =   "Computers in Physics."}
@String{j-CSE =  "{IEEE} Comp. Sci. \& Eng."}
@String{j-CMA =  "Computers Math. Applic."}
@String{j-CNS =  "J. Comp. Neurosci."}
@String{j-CNP =  "Clinical Neurophysiology"}
@String{j-CR =   "Circ. Res."}
@String{j-CRC =  "Crit. Rev. Biomed. Eng."}
@String{j-CRBME = "CRC Crit. Rev. Biomed. Eng."}
@String{j-CVS =  "Comp. \& Vis. Sci."}
@String{j-EABE = "Eng. Anal. Bound. Elem."}
@String{j-EEGCN = "Electroenc. Clin. Neurophysiol."}
@String{j-EHJ =  "Europ. Heart J."}
@String{j-EMB =  "{IEEE} Eng. in Med. \& Biol. Mag."}
@String{j-EP =   "Env. \& Plan."}
@String{j-ERAT =   "Expert Rev. Anticancer Ther."}
@String{j-FP = "Front. Physiol."}
@String{j-GEO =  "Geophys."}
@String{j-HR  = "Heart Rhythm J."}		  
@String{j-HBM =  "Human Brain Mapping"}
@String{j-IJBEM = "Int. J. Bioelectromag."}
@String{j-IJHPCA = "Int. J. High Perf. Comp. Appl."}
@String{j-IJNMF = "Int. J. Numer. Meth. Fluids"}
@String{j-IJNME = "Int. J. Numer. Meth. Eng."}
@String{j-IJIST = "Int. J. Img. Sys. \& Tech."}
@String{j-IJROBP = "Int. J. Radiat. Oncol. Biol. Phys."}
@String{j-IP =  "Inverse Problems"}
@String{j-JAMA = "J. Am. Med. Assoc."}
@String{j-JACC = "J. Am. Coll. Cardiol."}
@String{j-JACC-EP = "J. Am. Coll. Cardiol. Clinical. Electrophys. "}
@String{j-JBE =  "ASME J. Biom. Eng."}
@String{j-JCE =  "J. Cardiovasc. Electrophysiol."}
@String{j-JCNS = "Journal of Cognitive Neuroscience"}
@String{j-JCHP = "J. Chem. Phys."}
@String{j-JCP =  "J. Cell Physiol."}
@String{j-JCMP = "J. Comp. Phy."}
@String{j-JE =   "J. Electrocardiol."}
@String{j-JFE =  "J. Fluids Eng."}
@String{j-JGP =  "J. Gen. Physiol."}
@String{j-JHJ =  "Jap. Heart J."}
@String{j-JMCC = "J. Mol. Cell. Cardiol."}
@String{j-JMIA = "J. Med. Img. Anal."}
@String{j-JMRI = "J. Mag. Res. Imag."}
@String{j-JP =   "J. Physiol."}
@String{j-JTB =  "J. Theor. Biol."}
@String{j-LAN =  "Lancet"}
@String{j-LNCS = "Lect. Notes Comp. Sci."}
@String{j-MA =   "SIAM J. Math. Anal."}
@String{j-MB =   "J. Membrane Biol."}
@String{j-MBEC = "Med. \& Biol. Eng. \& Comp."}
@String{j-MBIO = "J. Math. Biology"}
@String{j-MC =   "Math Comput"}
@String{j-MCC =  "J. Mol. Cell. Cardiol."}
@String{j-MBS =  "Math. Biosci."}
@String{j-MP =   "Med. Phys."}
@String{j-MRM =  "Magn. Reson. Med."}
@String{j-NEJM = "New Eng. J. Med."}
@String{j-NI  =  "NeuroImage"}
@String{j-NIH =  "NIH Research"}
@String{j-NR  =  "Neuro Report"}
@String{j-NS  =  "Neurosurgery"}
@String{j-OR =   "J. Orthoped. Res."}
@String{j-PCD =  "Prog. in Cardiovasc. Dis."}
@String{j-PBMB =  "Prog. Biophys. Mol. Biol."}
@String{j-P =    "PACE"}
@String{j-PCE =  "Pacing Clin. Electrophysiol."}		  
@String{j-PIEEE =  "Proc. IEEE"}		  
@String{j-PAMI = "{IEEE} Trans. Pattern Anal. \& Mach. Intel."}
@String{j-PAP =  "Pfl{\"u}gers Arch. ges. Physiol."}
@String{j-PedC  = "J. Pediatric. Cardiol."}
@String{j-PDC  = "J. Par. Dist. Comp."}
@String{j-PMB =  "Phys. Med. Biol."}
@String{j-RMJM = "Rocky Mountain J. Math"}
@String{j-PRL =  "Pat. Rec. Let."}
@String{j-PTRS =  "Phil. Trans. Royal Soc."}		  
@String{j-SA =   "Scientific American"}
@String{j-SP =   "Signal Processing"}
@String{j-SCI =  "Science"}
@String{j-SIAM-J-COMP = "SIAM J. Computing"}
@String{j-SIAM-J-AM = "SIAM J. Appl. Med."}
@String{j-SIAM-J-IS = "SIAM J. Imag. Sci."}
@String{j-SIAM-J-STAT = "SIAM J. Sci. Statist. Comp."}
@String{j-SIAM-J-NUM = "SIAM J. Numer. Anal."}
@String{j-SIAM-R = "SIAM Review"}
@String{j-SIGGRAPH = "{ACM} {SIGGRAPH} Computer Graphics"}
@String{j-SP =   "Sci. Program."}
@String{j-TR =   "Translational Research"}
@String{j-TE =   "Tiss. Eng."}
@String{j-TC =  "{IEEE} Trans. Communicat."}
@String{j-TIP =  "{IEEE} Trans. Imag. Proc."}
@String{j-TMI =  "{IEEE} Trans. Med. Imag."}
@String{j-TOGS = "{ACM} Trans. Graph."}
@String{j-TSP =  "{IEEE} Trans. Sig. Proc."}
@String{j-TVCG = "{IEEE} Trans. Vis \& Comp. Graph."}
@String{j-TSMC = "{IEEE} Trans. Sys. Man, \& Cybernet."}
@String{j-UR =   "{UNIX} Review"}
@String{j-UCMMP = "USSR Comp. Math. \& Math. Phys."}
@String{j-UW =   "{UNIX} World"}

%%:: Some publishers
@String{pub-ACM = "{ACM} Press"}
@String{pub-ADOBE = "Adobe Systems Incorporated"}
@String{pub-ADOBE:adr = "1585 Charleston Road, P.~O. Box 7900, Mountain
                View, CA 94039-7900, USA, Tel: (415) 961-4400"}
@String{pub-AMS = "American Mathematical Society"}
@String{pub-AP = "Academic Press"}
@String{pub-ATT-BELL = "{AT}\&{T} Bell Laboratories"}
@String{pub-ATT-BELL:adr = "Murray Hill, NJ, USA"}
@String{pub-AW = "Addison-Wesley"}
@String{pub-AW:adr = "Reading, MA, USA"}
@String{pub-BB = "Berkeley Books"}
@String{pub-BB:adr = "New York"}
@String{pub-BN = "Barnes and Noble"}
@String{pub-BOWK = "R. R. Bowker Company"}
@String{pub-BOWK:adr = "1180 Avenue of the Americas, New York, NY 10036,
                {USA}"}
@String{pub-BRADY = "Robert J. Brady Co."}
@String{pub-COLLIER = "Collier Books, Macmillan Publishing Company"}
@String{pub-COLUMBIA = "Columbia University Press"}
@String{pub-CP = "Clarendon Press, Oxford"}
@String{pub-CRC = "{CRC} Press"}
@String{pub-CSP = "Computer Science Press"}
@String{pub-CUP = "Cambridge University Press"}
@String{pub-DOV = "Dover"}
@String{pub-DP = "Digital Press"}
@String{pub-EH = "Ellis Horwood"}
@String{pub-ELS = "Elsevier"}
@String{pub-FP = "Futura Publishing Co., Inc."}
@String{pub-FSF = "{F}ree {S}oftware {F}oundation"}
@String{pub-FSF:adr = "675 Mass Ave, Cambridge, MA 02139, USA, Tel:
                (617) 876-3296"}
@String{pub-HAYDEN = "Hayden Books"}
@String{pub-HBJ = "Harcourt Brace Jovanovich"}
@String{pub-HRW = "Holt, Reinhart, and Winston"}
@String{pub-HUP = "Harvard University Press"}
@String{pub-HWS = "Howard W. Sams"}
@String{pub-IBM = "IBM Corporation"}
@String{pub-IEEE = "{IEEE} Computer Society"}
@String{pub-INTEL = "Intel Corporation"}
@String{pub-ISO = "International Organization for Standardization"}
@String{pub-JH = "The Johns Hopkins University Press"}
@String{pub-JPL = "Jet Propulsion Laboratory"}
@String{pub-JPL:adr = "Pasadena, CA, USA"}
@String{pub-KLUWER = "Kluwer Academic Publishers Group"}
@String{pub-MAC = "Macmillan Publishing Company"}
@String{pub-MAC-ED = "Macmillan Education Ltd."}
@String{pub-MC = "Motorola Corporation"}
@String{pub-MH = "McGraw-Hill"}
@String{pub-MICROSOFT = "Microsoft Press"}
@String{pub-MIT = "MIT Press"}
@String{pub-NH = "North-Holland"}
@String{pub-OMH = "Osborne McGraw-Hill"}
@String{pub-OR = "O'Reilly \& Associates, Inc."}
@String{pub-OR:adr = "981 Chestnut Street, Newton, MA 02164, USA"}
@String{pub-OUP = "Oxford University Press"}
@String{pub-OUP:adr = "Walton Street, Oxford OX2 6DP, England"}
@String{pub-OX = "Oxford University Press"}
@String{pub-PEACHPIT = "Peachpit Press, Inc."}
@String{pub-PEACHPIT:adr = "1085 Keith Avenue, Berkeley, CA 94708, USA"}
@String{pub-PER = "Pergamon Press, Inc."}
@String{pub-PH = "Prentice-Hall"}
@String{pub-PHI = "Prentice-Hall International"}
@String{pub-PUP = "Princeton University Press"}
@String{pub-RH = "Random House"}
@String{pub-SPIE = "SPIE"}
@String{pub-SV = "Spinger Verlag"}
@String{pub-UE =  "University of Edinburgh, Dept. of Artificial Intelligence"}
@String{pub-JB = "J.B. Lippincott Company"}
@String{pub-VNR = "Van Nostrand Reinhold"}
@String{pub-W =  "Wiley \& Sons"}
@String{pub-WI = "Wiley-Interscience"}
